@article{KEYSTROKE1,
  author={Marcus Brown, Samuel Joe Rogers},
  title={User identification via keystroke characteristics of typed name    s using neural networks},
  year=2002
}
@article{KEYSTROKE2,
  author={Ryan et. al},
  title={Intrusion Detection with Neural Networks},
  year=1998,
  pages={2-7}
}
@online{AUTH1,
  author = {TechTarget, Margaret Rouse},
  title = {{Definition of User Authentication}},
  year = 2015,
  url = {http://searchsecurity.techtarget.com/definition/authentication},
  urldate = {2016-11-30}
}

@online{IDENT1,
  author = {Al Pascual, Kyle Marchini, Sarah Milleri},
  title = {{2016 Identity Fraud} Fraud Hits an Inflection Point},
  year = 2016,
  url = {https://www.javelinstrategy.com/coverage-area/2016-identity-fraud-fraud-hits-inflection-point},
  urldate = {2016-12-02}
}
#AUTH1 define user authentication
#IDENT1 (identity theft)
#RANS1 (ranomware )
#BANK1 (Bank Fraud)
#EMAIL1 (EMAIL HACKS)
#WIKI1 (WIKI LEAKS) 
#BOTS1 (bot nets)
#DARPA1 (cyber grand challange)
#
#US2014, US2015, US2016
#  USA THREAT REPORTS   https://www.dni.gov/files/documents/SASC_Unclassified_2016_ATA_SFR_FINAL.pdf
#BADUSER 1
#BIOKEY -- What is keystroke biometrics
#CRIMESIZE -- How much moneys lost to cyber crime worldwide
#COMMONPASSWORD -- The most common password 2016
#BIOMATIC
#IDTHEFT1
#KEYSTROKE1 -- definition
#KEYSTROKE2
#KEYSTROKE3
#KEYSTROKE4
#KEYSTROKE5
#KEYSTROKE6 -- noteable study 5
#KEYSTROKE7 -- reliable technique 
#PROD1 -- Site selling keystroke dynamics
#PROD2 -- 
#PROD3







